@book{aurelio,
  title={Novo dicion{\'a}rio Aur{\'e}lio da l{\'\i}ngua portuguesa},
  author={Ferreira, A. B. de H. and Ferreira, M. B. and dos Anjos, M.},
  year={2004},
  publisher={Editora Positivo}
}

@article{goncalves2000,
  title={Processo, que processo?},
  author={Gonçalves, J. E. L.},
  journal={RAE - Revista de Administração de Empresas},
  volume={40},
  number={4},
  pages={8--19},
  year={2000},
  url={https://periodicos.fgv.br/rae/article/view/37770},
  note={Acesso em: 10 ago. 2023}
}

@book{hobsbawn2012,
  title={A era das revoluções: 1789-1848},
  author={Hobsbawn, Eric},
  year={2012},
  publisher={Paz e Terra},
  address={São Paulo},
  note={Tradução: Maria Tereza Lopes Teixeira, Marcos Penchel},
  pages={366}
}

@book{moraes2012,
  title={Engenharia de Automação Industrial},
  author={Moraes, Cícero Couto de and Castrucci, Plínio de Lauro},
  edition={2},
  year={2012},
  publisher={S.A.},
  address={Rio de Janeiro}
}

@misc{romera2023,
  title={Autenticador de presença digital a partir de reconhecimento facial ou QR code},
  author={Romera, G. V. and Honorato, S.},
  year={2023}
}

@article{silva2019,
  title={Representação da informação noticiosa pelas agências de fact-checking: do acesso à informação ao excesso de desinformação},
  author={Silva, Mayara Karla Dantas da and Albuquerque, Maria Elizabeth Baltar Carneiro de and Veloso, Maria do Socorro Furtado},
  journal={Revista Brasileira de Biblioteconomia e Documentação},
  volume={15},
  number={2},
  pages={410--426},
  year={2019},
  address={São Paulo},
  url={https://rbbd.febab.org.br/rbbd/article/view/1225/1142},
  note={Acesso em: 10 ago. 2023}
}

@misc{jibble2024,
  author       = {Jibble},
  title        = {Tipos de sistemas de controle de presença},
  howpublished = {\url{https://www.jibble.io/pt-br/artigos/tipos-sistemas-controle-presenca}},
  note         = {Acesso em: 8 set. 2024}
}

@thesis{ferreira2023,
  author       = {Luciano Alexandre Ferreira Sobrinho},
  title        = {Documentação para desenvolvimento de um sistema Web para registro de presença dos alunos do curso de Ciência e Tecnologia (C\&T)},
  year         = {2023},
  school       = {Universidade Federal do Rio Grande do Norte},
  address      = {Natal},
  type         = {Trabalho de Conclusão de Curso (Graduação em Ciência e Tecnologia com ênfase em Computação Aplicada)},
  note         = {45 f.}
}
